@article{gelm:veht:2021,
  author = {Andrew Gelman and Aki Vehtari},
  title = {{What are the Most Important Statistical Ideas of the Past 50 Years?}},
  journal = {Journal of the American Statistical Association},
  volume = {116},
  number = {536},
  pages = {2087-2097},
  year  = {2021},
  publisher = {Taylor & Francis},
  doi = {10.1080/01621459.2021.1938081},
  URL = {https://doi.org/10.1080/01621459.2021.1938081},
  eprint = {https://doi.org/10.1080/01621459.2021.1938081}
}

@article{brom:woo:2018,
  author = {Karl W. Broman and Kara H. Woo},
  title = {{Data Organization in Spreadsheets}},
  journal = {The American Statistician},
  volume = {72},
  number = {1},
  pages = {2-10},
  year  = {2018},
  publisher = {Taylor & Francis},
  doi = {10.1080/00031305.2017.1375989},
  URL = {https://doi.org/10.1080/00031305.2017.1375989},
  eprint = {https://doi.org/10.1080/00031305.2017.1375989}
}


@book{bish:fien:1975,
    author = {Bishop, Yvonne M. M. and Fienberg, Stephen E. and Holland, Paul W.},
    title = {Discrete Multivariate Analyses: Theory and Practice},
    year = {1975},
    pages = {557},
    publisher = {Boston, MA: MIT Press}
}   



