
@article{hastie2020,
	title = {Best Subset, Forward Stepwise or Lasso? Analysis and Recommendations Based on Extensive Comparisons},
	author = {Hastie, Trevor and Tibshirani, Robert and Tibshirani, Ryan},
	year = {2020},
	month = {11},
	date = {2020-11-01},
	journal = {Statistical Science},
	volume = {35},
	number = {4},
	doi = {10.1214/19-sts733},
	url = {http://dx.doi.org/10.1214/19-STS733}
}

@article{mazumder2023,
	title = {Subset Selection with Shrinkage: Sparse Linear Modeling When the SNR Is Low},
	author = {Mazumder, Rahul and Radchenko, Peter and Dedieu, Antoine},
	year = {2023},
	month = {01},
	date = {2023-01},
	journal = {Operations Research},
	pages = {129--147},
	volume = {71},
	number = {1},
	doi = {10.1287/opre.2022.2276},
	url = {http://dx.doi.org/10.1287/opre.2022.2276},
	langid = {en}
}

@article{yang2014,
	title = {A fast unified algorithm for solving group-lasso penalize learning problems},
	author = {Yang, Yi and Zou, Hui},
	year = {2014},
	month = {08},
	date = {2014-08-04},
	journal = {Statistics and Computing},
	pages = {1129--1141},
	volume = {25},
	number = {6},
	doi = {10.1007/s11222-014-9498-5},
	url = {http://dx.doi.org/10.1007/s11222-014-9498-5},
	langid = {en}
}
