@ARTICLE{Wickramasuriya2019-fc,
  title     = "Optimal Forecast Reconciliation for Hierarchical and Grouped
               Time Series Through Trace Minimization",
  author    = "Wickramasuriya, Shanika L and Athanasopoulos, George and
               Hyndman, Rob J",
  journal   = "Journal of the American Statistical Association",
  publisher = "Taylor \& Francis",
  volume    =  114,
  number    =  526,
  pages     = "804--819",
  month     =  apr,
  year      =  2019,
  issn      = "0162-1459",
  doi       = "10.1080/01621459.2018.1448825"
}

@ARTICLE{Hyndman2011-sd,
  title     = "Optimal combination forecasts for hierarchical time series",
  author    = "Hyndman, Rob J and Ahmed, Roman A and Athanasopoulos, George and
               Shang, Han Lin",
  journal   = "Computational Statistics \& Data Analysis",
  publisher = "Citeseer",
  volume    =  55,
  number    =  9,
  pages     = "2579--2589",
  month     =  sep,
  year      =  2011,
  issn      = "0167-9473",
  doi       = "10.1016/j.csda.2011.03.006"
}

@ARTICLE{Athanasopoulos2017-jj,
  title     = "Forecasting with temporal hierarchies",
  author    = "Athanasopoulos, George and Hyndman, Rob J and Kourentzes,
               Nikolaos and Petropoulos, Fotios",
  journal   = "European Journal of Operational Research",
  publisher = "Elsevier",
  volume    =  262,
  number    =  1,
  pages     = "60--74",
  month     =  oct,
  year      =  2017,
  issn      = "0377-2217",
  doi       = "10.1016/j.ejor.2017.02.046"
}

@ARTICLE{Hyndman2016-cz,
  title     = "Fast computation of reconciled forecasts for hierarchical and
               grouped time series",
  author    = "Hyndman, Rob J and Lee, Alan J and Wang, Earo",
  journal   = "Computational Statistics \& Data Analysis",
  publisher = "Elsevier",
  volume    =  97,
  pages     = "16--32",
  month     =  may,
  year      =  2016,
  issn      = "0167-9473",
  doi       = "10.1016/j.csda.2015.11.007"
}

@ARTICLE{Pritularga2021-lz,
  title     = "Stochastic coherency in forecast reconciliation",
  author    = "Pritularga, Kandrika F and Svetunkov, Ivan and Kourentzes,
               Nikolaos",
  journal   = "International Journal of Production Economics",
  publisher = "Elsevier",
  volume    =  240,
  pages     = "108221",
  month     =  oct,
  year      =  2021,
  issn      = "0925-5273",
  doi       = "10.1016/j.ijpe.2021.108221"
}

@ARTICLE{Panagiotelis2021-mf,
  title     = "Forecast reconciliation: A geometric view with new insights on
               bias correction",
  author    = "Panagiotelis, Anastasios and Athanasopoulos, George and
               Gamakumara, Puwasala and Hyndman, Rob J",
  journal   = "International Journal of Forecasting",
  publisher = "Elsevier",
  volume    =  37,
  number    =  1,
  pages     = "343--359",
  month     =  jan,
  year      =  2021,
  issn      = "0169-2070",
  doi       = "10.1016/j.ijforecast.2020.06.004"
}

@ARTICLE{Wickramasuriya2021-am,
  title         = "Properties of point forecast reconciliation approaches",
  author        = "Wickramasuriya, Shanika L",
  month         =  mar,
  year          =  2021,
  archivePrefix = "arXiv",
  eprint        = "2103.11129",
  primaryClass  = "stat.ME",
  arxivid       = "2103.11129"
}


